% Encoding: UTF-8

% Reference by putting \cite{jacquier2020deep} in the document
@article{jacquier2020deep,
      title={Deep Curve-dependent PDEs for affine rough volatility}, 
      author={Antoine Jacquier and Mugad Oumgari},
      year={2020},
      url={http://arXiv.org/1906.02551}
      
}

@article{Bennedsen_2017,
   title={Hybrid scheme for Brownian semistationary processes},
   volume={21},
   ISSN={1432-1122},
   url={http://dx.doi.org/10.1007/s00780-017-0335-5},
   DOI={10.1007/s00780-017-0335-5},
   number={4},
   journal={Finance and Stochastics},
   publisher={Springer Science and Business Media LLC},
   author={Bennedsen, Mikkel and Lunde, Asger and Pakkanen, Mikko S.},
   year={2017},
   month={Jun},
   pages={931–965}
}

%THIS IS A FAKE REFERENCE!!
@article{Muruguza_2005,
   title={My title},
   volume={1},
   url={http://dx.doi.org/10.1007/s00780-017-0335-5},
   DOI={10.1007/s00780-017-0335-5},
   number={4},
   journal={My Journal},
   publisher={Springer Science and Business Media LLC},
   author={Bennedsen, Mikkel and Lunde, Asger and Pakkanen, Mikko S.},
   year={2017},
   month={Jun},
   pages={931–965}
}


% REferences that Aleksander left for templates (We dont use!)

@Book{ethier/kurtz:2009,
  author    = {Ethier, Stewart N. and Kurtz, Thomas G.},
  publisher = {John Wiley \& Sons},
  title     = {Markov processes: characterization and convergence},
  year      = {2009},
  volume    = {282},
}

@Article{merton:1973,
  author  = {Merton, Robert C.},
  journal = {The Bell Journal of economics and management science},
  title   = {Theory of rational option pricing},
  year    = {1973},
  pages   = {141--183},
}

@Comment{jabref-meta: databaseType:bibtex;}
